<?xml version="1.0" encoding="utf-8"?>
<record xmlns="http://www.loc.gov/MARC21/slim" xmlns:xsi="http://www.w3.org/2001/XMLSchema-instance" xsi:schemaLocation="http://www.loc.gov/MARC21/slim http://www.loc.gov/standards/marcxml/schema/MARC21slim.xsd">
	<leader>     nam a22        4500</leader>
	<controlfield tag="001">2755475</controlfield>
	<controlfield tag="003">NjP</controlfield>
	<controlfield tag="006">m        d        </controlfield>
	<controlfield tag="007">cr cn |||m|||a</controlfield>
	<controlfield tag="008">160323s1948    ua      ob    000 0 ara  </controlfield>
	<datafield ind1=" " ind2=" " tag="020">
		<subfield code="z">9771024280</subfield>
	</datafield>
	<datafield ind1=" " ind2=" " tag="020">
		<subfield code="z">9789771024286</subfield>
	</datafield>
	<datafield ind1=" " ind2=" " tag="040">
		<subfield code="a">NNU</subfield>
		<subfield code="b">eng</subfield>
		<subfield code="e">rda</subfield>
		<subfield code="c">NNU</subfield>
	</datafield>
	<datafield ind1=" " ind2="4" tag="050">
		<subfield code="a">BP80.S47</subfield>
		<subfield code="b">A23</subfield>
	</datafield>
	<datafield ind1="1" ind2=" " tag="100">
		<subfield code="6">880-01</subfield>
		<subfield code="a">Abū Zahrah, Muḥammad.</subfield>
	</datafield>
	<datafield ind1="1" ind2="3" tag="245">
		<subfield code="6">880-02</subfield>
		<subfield code="a">al-Shāfiʻī :</subfield>
		<subfield code="b">ḥayātuhu wa-ʻaṣruhu, ārāʼuhu wa-fiqhuhu /</subfield>
		<subfield code="c">[taʼlīf] Muḥammad Abū Zahrah.</subfield>
	</datafield>
	<datafield ind1=" " ind2=" " tag="250">
		<subfield code="6">880-03</subfield>
		<subfield code="a">[al-Ṭabʻah 2.].</subfield>
	</datafield>
	<datafield ind1=" " ind2=" " tag="260">
		<subfield code="6">880-04</subfield>
		<subfield code="a">[al-Qāhirah] :</subfield>
		<subfield code="b">Dār al-Fikr al-ʻArabī</subfield>
		<subfield code="c">[1948]</subfield>
	</datafield>
	<datafield ind1=" " ind2=" " tag="300">
		<subfield code="a">online resource (388 pages)</subfield>
	</datafield>
	<datafield ind1=" " ind2=" " tag="336">
		<subfield code="a">text</subfield>
		<subfield code="2">rdacontent</subfield>
	</datafield>
	<datafield ind1=" " ind2=" " tag="337">
		<subfield code="a">computer</subfield>
		<subfield code="2">rdamedia</subfield>
	</datafield>
	<datafield ind1=" " ind2=" " tag="338">
		<subfield code="a">online resource</subfield>
		<subfield code="2">rdacarrier</subfield>
	</datafield>
	<datafield ind1=" " ind2=" " tag="500">
		<subfield code="a">Part of the Arabic Collections Online (ACO) project, contributed by Princeton University Libraries.</subfield>
	</datafield>
	<datafield ind1=" " ind2=" " tag="504">
		<subfield code="a">Includes bibliographical references.</subfield>
	</datafield>
	<datafield ind1=" " ind2=" " tag="533">
		<subfield code="a">Electronic reproduction.</subfield>
		<subfield code="b">New York, N.Y. :</subfield>
		<subfield code="c">New York University,</subfield>
		<subfield code="d">2016.</subfield>
		<subfield code="5">NNU</subfield>
	</datafield>
	<datafield ind1="1" ind2="0" tag="600">
		<subfield code="6">880-05</subfield>
		<subfield code="a">Shāfiʻī, Muḥammad ibn Idrīs,</subfield>
		<subfield code="d">767 or 768-820.</subfield>
	</datafield>
	<datafield ind1="1" ind2="7" tag="600">
		<subfield code="a">Shāfiʻī, Muḥammad ibn Idrīs,</subfield>
		<subfield code="d">767 or 768-820</subfield>
		<subfield code="2">fast</subfield>
		<subfield code="0">(OCoLC)fst01846928</subfield>
	</datafield>
	<datafield ind1="0" ind2="7" tag="650">
		<subfield code="a">Biographie.</subfield>
		<subfield code="0">(DE-588c)4006804-3</subfield>
		<subfield code="2">swd</subfield>
	</datafield>
	<datafield ind1="0" ind2="7" tag="650">
		<subfield code="a">Schafiiten.</subfield>
		<subfield code="0">(DE-588c)4179338-9</subfield>
		<subfield code="2">swd</subfield>
	</datafield>
	<datafield ind1="2" ind2=" " tag="710">
		<subfield code="a">Princeton University.</subfield>
		<subfield code="b">Library.</subfield>
	</datafield>
	<datafield ind1="0" ind2=" " tag="730">
		<subfield code="a">Arabic Collections Online.</subfield>
	</datafield>
	<datafield ind1="0" ind2="8" tag="776">
		<subfield code="i">Print version:</subfield>
		<subfield code="a">Abū Zahrah, Muḥammad.</subfield>
		<subfield code="t">al-Shāfiʻī</subfield>
		<subfield code="w">(NjP)2755475</subfield>
		<subfield code="w">(DLC)ne 65001873 </subfield>
		<subfield code="w">(OCoLC)19380348</subfield>
		<subfield code="z">9771024280</subfield>
		<subfield code="z">9789771024286</subfield>
	</datafield>
	<datafield ind1="4" ind2="0" tag="856">
		<subfield code="u">http://hdl.handle.net/2333.1/bvq83g4q</subfield>
	</datafield>
	<datafield ind1="1" ind2=" " tag="880">
		<subfield code="6">100-01/r</subfield>
		<subfield code="a">ابو زهرة، محمد.</subfield>
	</datafield>
	<datafield ind1="1" ind2="2" tag="880">
		<subfield code="6">245-02/r</subfield>
		<subfield code="a">الشافعي :</subfield>
		<subfield code="b">حياته وعصره، آراؤه وفقهه /</subfield>
		<subfield code="c">[تأليف] محمد ابو زهرة.</subfield>
	</datafield>
	<datafield ind1=" " ind2=" " tag="880">
		<subfield code="6">250-03/r</subfield>
		<subfield code="a">[الطبعة 2.].</subfield>
	</datafield>
	<datafield ind1=" " ind2=" " tag="880">
		<subfield code="6">260-04/r</subfield>
		<subfield code="a">القاهرة :</subfield>
		<subfield code="b">دار الفكر العربي،</subfield>
		<subfield code="c">1948.</subfield>
	</datafield>
	<datafield ind1="1" ind2="4" tag="880">
		<subfield code="6">600-05/r</subfield>
		<subfield code="a">شافعي، محمد بن ادريس،</subfield>
		<subfield code="d">767 or 768-820.</subfield>
	</datafield>
	<datafield ind1=" " ind2=" " tag="959">
		<subfield code="a">NNU</subfield>
		<subfield code="b">WEB</subfield>
		<subfield code="c">GENI</subfield>
		<subfield code="t">0</subfield>
		<subfield code="m">Electronic access</subfield>
		<subfield code="s">01</subfield>
	</datafield>
	<datafield ind1=" " ind2=" " tag="999">
		<subfield code="i">NjP_2755475</subfield>
		<subfield code="o">(OCoLC)ocm19380348 </subfield>
		<subfield code="s">princeton_aco000221</subfield>
	</datafield>
</record>
